@book{nocedal2006numerical,
  title={Numerical optimization},
  author={Nocedal, Jorge and Wright, Stephen},
  year={2006},
  publisher={Springer Science \& Business Media}
}

@article{Sarkar.sep.172.rahul1,
  author={Sarkar, Rahul and Biondi, Biondo},
  title={{Frequency domain tomographic full waveform inversion}},
  pages={173--191},
  organization={SEP},
  year={2018},
  journal={SEP-Report},
  volume={172},
  url={http://sepwww.stanford.edu/public/docs/sep172}
}

@article{baysal1983reverse,
  title={Reverse time migration},
  author={Baysal, Edip and Kosloff, Dan D and Sherwood, John WC},
  journal={Geophysics},
  volume={48},
  number={11},
  pages={1514--1524},
  year={1983},
  publisher={Society of Exploration Geophysicists}
}

@article{ronen2000least,
  title={{Least-squares DMO and migration}},
  author={Ronen, Shuki and Liner, Christopher L},
  journal={Geophysics},
  volume={65},
  number={5},
  pages={1364--1371},
  year={2000},
  publisher={Society of Exploration Geophysicists}
}

@article{dai2012multi,
  title={Multi-source least-squares reverse time migration},
  author={Dai, Wei and Fowler, Paul and Schuster, Gerard T},
  journal={Geophysical Prospecting},
  volume={60},
  number={4},
  pages={681--695},
  year={2012}
}

@incollection{tang2009least,
  title={Least-squares migration/inversion of blended data},
  author={Tang, Yaxun and Biondi, Biondo},
  booktitle={SEG Technical Program Expanded Abstracts 2009},
  pages={2859--2863},
  year={2009},
  publisher={Society of Exploration Geophysicists}
}

@article{xue2015seismic,
  title={Seismic imaging of incomplete data and simultaneous-source data using least-squares reverse time migration with shaping regularization},
  author={Xue, Zhiguang and Chen, Yangkang and Fomel, Sergey and Sun, Junzhe},
  journal={Geophysics},
  volume={81},
  number={1},
  pages={S11--S20},
  year={2015},
  publisher={Society of Exploration Geophysicists}
}

@article{nemeth1999least,
  title={Least-squares migration of incomplete reflection data},
  author={Nemeth, Tamas and Wu, Chengjun and Schuster, Gerard T},
  journal={Geophysics},
  volume={64},
  number={1},
  pages={208--221},
  year={1999},
  publisher={Society of Exploration Geophysicists}
}

@incollection{kuehl2001generalized,
  title={{Generalized least-squares DSR migration using a common angle imaging condition}},
  author={Kuehl, Henning and Sacchi, Mauricio D},
  booktitle={SEG Technical Program Expanded Abstracts 2001},
  pages={1025--1028},
  year={2001},
  publisher={Society of Exploration Geophysicists}
}

@incollection{prucha2002subsalt,
  title={Subsalt event regularization with steering filters},
  author={Prucha, Marie L and Biondi, Biondo L},
  booktitle={SEG Technical Program Expanded Abstracts 2002},
  pages={1176--1179},
  year={2002},
  publisher={Society of Exploration Geophysicists}
}

@phdthesis{clapp2005imaging,
  title={{Imaging under salt: Illumination compensation by regularized inversion}},
  author={Clapp, Marie L},
  year={2005},
  school={Citeseer}
}

@incollection{clapp2005regularized,
  title={{Regularized least-squares inversion for 3-D subsalt imaging}},
  author={Clapp, Marie L and Clapp, Robert G and Biondi, Biondo L},
  booktitle={SEG Technical Program Expanded Abstracts 2005},
  pages={1814--1817},
  year={2005},
  publisher={Society of Exploration Geophysicists}
}

@incollection{barnier2018full,
  title={Full waveform inversion by model extension},
  author={Barnier, Guillaume and Biondi, Ettore and Biondi, Biondo},
  booktitle={SEG Technical Program Expanded Abstracts 2018},
  pages={1183--1187},
  year={2018},
  publisher={Society of Exploration Geophysicists}
}

@incollection{almomin2013tomographic,
  title={{Tomographic full waveform inversion (TFWI) by successive linearizations and scale separations}},
  author={Almomin, Ali and Biondi, Biondo},
  booktitle={SEG Technical Program Expanded Abstracts 2013},
  pages={1048--1052},
  year={2013},
  publisher={Society of Exploration Geophysicists}
}

@incollection{biondi2013tomographic,
  title={{Tomographic full waveform inversion (TFWI) by extending the velocity model along the time-lag axis}},
  author={Biondi, Biondo and Almomin, Ali},
  booktitle={SEG Technical Program Expanded Abstracts 2013},
  pages={1031--1036},
  year={2013},
  publisher={Society of Exploration Geophysicists}
}

@incollection{biondi2012tomographic,
  title={{Tomographic full waveform inversion (TFWI) by combining full waveform inversion with wave-equation migration velocity anaylisis}},
  author={Biondi, Biondo and Almomin, Ali},
  booktitle={SEG Technical Program Expanded Abstracts 2012},
  pages={1--5},
  year={2012},
  publisher={Society of Exploration Geophysicists}
}

@article{AlmominBiondi-seg2014,
author = {Ali Almomin and Biondo Biondi},
title = {Preconditioned tomographic full waveform inversion by wavelength continuation},
publisher = {SEG},
year = {2014},
journal = {SEG Technical Program Expanded Abstracts},
volume = {33},
number = {1},
pages = {944-948},
doi = {10.1190/segam2014-1618.1}
}

@incollection{almomin2012tomographic,
  title={{Tomographic full waveform inversion: Practical and computationally feasible approach}},
  author={Almomin, Ali and Biondi, Biondo},
  booktitle={SEG Technical Program Expanded Abstracts 2012},
  pages={1--5},
  year={2012},
  publisher={Society of Exploration Geophysicists}
}

@article{TFWI.gp,
author = {Biondo Biondi and Ali Almomin},
collaboration = {},
title={Simultaneous inversion of full data bandwidth by tomographic full waveform inversion},
publisher = {SEG},
year = {2014},
journal = {Geophysics},
volume = {79},
number = {3},
issue = {3},
doi = {10.1190/geo2013-0340.1},
pages = {WA129-WA140},
keywords = {},
}

@article{sava2003angle,
  title={Angle-domain common-image gathers by wavefield continuation methods},
  author={Sava, Paul C and Fomel, Sergey},
  journal={Geophysics},
  volume={68},
  number={3},
  pages={1065--1074},
  year={2003},
  publisher={Society of Exploration Geophysicists}
}

@article{rickett2002offset,
  title={Offset and angle-domain common image-point gathers for shot-profile migration},
  author={Rickett, James E and Sava, Paul C},
  journal={Geophysics},
  volume={67},
  number={3},
  pages={883--889},
  year={2002},
  publisher={Society of Exploration Geophysicists}
}

@incollection{huang2015full,
  title={Full waveform inversion via matched source extension},
  author={Huang, Guanghui and Symes, William W},
  booktitle={SEG Technical Program Expanded Abstracts 2015},
  pages={1320--1325},
  year={2015},
  publisher={Society of Exploration Geophysicists}
}

@inproceedings{huang2016matched,
  title={{Matched source waveform inversion: Volume extension}},
  author={Huang, Guanghui and Symes, William and Nammour, Rami and others},
  booktitle={2016 SEG International Exposition and Annual Meeting},
  year={2016},
  organization={Society of Exploration Geophysicists}
}